<record><leader>00000cas a22000007a 4500</leader><controlfield tag="001">4405587</controlfield><controlfield tag="008">781129d18731888caudn ne      0   a0eng d</controlfield><controlfield tag="009">618</controlfield><datafield ind1=" " ind2=" " tag="010"><subfield code="a">sn 82014671 </subfield></datafield><datafield ind1=" " ind2=" " tag="040"><subfield code="a">TXG</subfield><subfield code="b">eng</subfield><subfield code="c">TXG</subfield><subfield code="d">MUL</subfield><subfield code="d">DLC</subfield><subfield code="d">OCL</subfield><subfield code="d">NPX</subfield><subfield code="d">NPT</subfield><subfield code="d">DLC</subfield><subfield code="d">YOX</subfield><subfield code="d">NYS</subfield><subfield code="d">ANU</subfield><subfield code="d">CNK</subfield><subfield code="d">OCLCQ</subfield><subfield code="d">CRL</subfield><subfield code="d">CUS</subfield><subfield code="d">KRTAS</subfield><subfield code="d">OCLCF</subfield></datafield><datafield ind1=" " ind2=" " tag="012"><subfield code="b">3</subfield></datafield><datafield ind1=" " ind2=" " tag="019"><subfield code="a">9191139</subfield><subfield code="a">9191197</subfield></datafield><datafield ind1="1" ind2=" " tag="029"><subfield code="a">AU@</subfield><subfield code="b">000025820824</subfield></datafield><datafield ind1=" " ind2=" " tag="042"><subfield code="a">msc</subfield></datafield><datafield ind1="0" ind2="0" tag="050"><subfield code="a">Newspaper 7114-X</subfield></datafield><datafield ind1="1" ind2="4" tag="050"><subfield code="a">F869.S22</subfield><subfield code="b">S174</subfield></datafield><datafield ind1="0" ind2=" " tag="130"><subfield code="a">San Diego union (San Diego, Calif. : Daily)</subfield></datafield><datafield ind1="0" ind2="4" tag="245"><subfield code="a">The San Diego union.</subfield></datafield><datafield ind1=" " ind2=" " tag="260"><subfield code="a">San Diego [Calif.] :</subfield><subfield code="b">Douglas Gunn</subfield></datafield><datafield ind1=" " ind2=" " tag="300"><subfield code="a">v. :</subfield><subfield code="b">ill. ;</subfield><subfield code="c">59 cm.</subfield></datafield><datafield ind1=" " ind2=" " tag="310"><subfield code="a">Daily (except Mon.)</subfield></datafield><datafield ind1="0" ind2=" " tag="362"><subfield code="a">Vol. 5, no. 729 (July 22, 1873)-v. 34, no. 6481 (Dec. 30, 1888).</subfield></datafield><datafield ind1=" " ind2=" " tag="500"><subfield code="a">Publishers: Douglas Gunn, &lt;1876&gt;; Union-Tribune Pub. Co.</subfield></datafield><datafield ind1=" " ind2=" " tag="530"><subfield code="a">Also available on microfilm from Bell &amp; Howell, Micro Photo Div.</subfield></datafield><datafield ind1=" " ind2="0" tag="651"><subfield code="a">San Diego (Calif.)</subfield><subfield code="v">Newspapers.</subfield></datafield><datafield ind1=" " ind2="7" tag="655"><subfield code="a">Newspapers.</subfield><subfield code="2">fast</subfield><subfield code="0">(OCoLC)fst01423814</subfield></datafield><datafield ind1=" " ind2="7" tag="651"><subfield code="a">California</subfield><subfield code="z">San Diego.</subfield><subfield code="2">fast</subfield><subfield code="0">(OCoLC)fst01205232</subfield></datafield><datafield ind1=" " ind2=" " tag="752"><subfield code="a">United States</subfield><subfield code="b">California</subfield><subfield code="c">San Diego</subfield><subfield code="d">San Diego.</subfield></datafield><datafield ind1="0" ind2=" " tag="775"><subfield code="t">San Diego union (San Diego, Calif. : Weekly)</subfield><subfield code="w">(DLC)sn 82015480</subfield><subfield code="w">(OCoLC)8818146</subfield></datafield><datafield ind1="0" ind2="0" tag="780"><subfield code="t">Daily San Diego union</subfield><subfield code="w">(DLC)sn 85025103</subfield><subfield code="w">(OCoLC)11576013</subfield></datafield><datafield ind1="0" ind2="7" tag="785"><subfield code="t">San Diego daily bee</subfield><subfield code="w">(DLC)sn 85066511</subfield><subfield code="w">(OCoLC)13155561</subfield></datafield><datafield ind1="0" ind2="7" tag="785"><subfield code="t">San Diego union and daily bee (San Diego, Calif. : 1889)</subfield><subfield code="w">(DLC)sn 95061721</subfield><subfield code="w">(OCoLC)32419491</subfield></datafield><datafield ind1=" " ind2=" " tag="938"><subfield code="a">Kirtas Technologies, Inc.</subfield><subfield code="b">KRTS</subfield><subfield code="n">735806</subfield></datafield></record>